@book{geometria,
  author = {Lehmann, Charles H},
  title = {Geometr\'ia  analítica},
  publisher = {LIMUSA},
  year = 1965
}

@misc{repositorio,
  author = {Paola Vázquez},
  title = {{Repositorio de Github}},
  howpublished = "\url{https://github.com/Li-vzz/MatematicasComputacionales}",
  year = {2021}
}
@book{handbook,
  author={Thomas Arthur Ryan and Brian L. Joiner and Barbara F. Ryan },
  title={The Minitab Student Handbook},
  publisher={Duxbury Press}, 
  year={1976}
}
@book{PTR,
  author={ A.C. Atkinson},
  title={Plots, Transformations and Regression},
  publisher={Oxford University Press}, 
  year={1985}
}

@misc{plants, 
   author={Natural Resources Conservation Service}, 
   title={Prunus serotina Ehrh, black cherry},
   publisher="\url{https://plants.usda.gov/core/profile?symbol=prse2}"
}